% Encoding: UTF-8

@Book{winskel1993formal,
  title     = {The formal semantics of programming languages: an introduction},
  publisher = {Mit press},
  year      = {1993},
  author    = {Winskel, Glynn},
}

@book{andreas2005grundkurs,
	title={Grundkurs IT-Berufe: Die technischen Grundlagen verstehen und anwenden k{\"o}nnen},
	author={Andreas M. B{\"o}hm and Bettina Jungkunz},
	year={2005},
	publisher={Springer DE}
}




